@inproceedings{TPU17,
  author    = {Norman P. Jouppi and
               Cliff Young and
               Nishant Patil and
               David Patterson and
               Gaurav Agrawal and
               Raminder Bajwa and
               Sarah Bates and
               Suresh Bhatia and
               Nan Boden and
               Al Borchers and
               Rick Boyle and
               Pierre{-}luc Cantin and
               Clifford Chao and
               Chris Clark and
               Jeremy Coriell and
               Mike Daley and
               Matt Dau and
               Jeffrey Dean and
               Ben Gelb and
               Tara Vazir Ghaemmaghami and
               Rajendra Gottipati and
               William Gulland and
               Robert Hagmann and
               C. Richard Ho and
               Doug Hogberg and
               John Hu and
               Robert Hundt and
               Dan Hurt and
               Julian Ibarz and
               Aaron Jaffey and
               Alek Jaworski and
               Alexander Kaplan and
               Harshit Khaitan and
               Daniel Killebrew and
               Andy Koch and
               Naveen Kumar and
               Steve Lacy and
               James Laudon and
               James Law and
               Diemthu Le and
               Chris Leary and
               Zhuyuan Liu and
               Kyle Lucke and
               Alan Lundin and
               Gordon MacKean and
               Adriana Maggiore and
               Maire Mahony and
               Kieran Miller and
               Rahul Nagarajan and
               Ravi Narayanaswami and
               Ray Ni and
               Kathy Nix and
               Thomas Norrie and
               Mark Omernick and
               Narayana Penukonda and
               Andy Phelps and
               Jonathan Ross and
               Matt Ross and
               Amir Salek and
               Emad Samadiani and
               Chris Severn and
               Gregory Sizikov and
               Matthew Snelham and
               Jed Souter and
               Dan Steinberg and
               Andy Swing and
               Mercedes Tan and
               Gregory Thorson and
               Bo Tian and
               Horia Toma and
               Erick Tuttle and
               Vijay Vasudevan and
               Richard Walter and
               Walter Wang and
               Eric Wilcox and
               Doe Hyun Yoon},
  title     = {In-Datacenter Performance Analysis of a Tensor Processing Unit},
  booktitle = {Proceedings of the 44th Annual Intl. Symp. on Computer
               Architecture, {ISCA} 2017, Toronto, ON, Canada, June 24-28, 2017},
  pages     = {1--12},
  year      = {2017},
  url       = {http://doi.acm.org/10.1145/3079856.3080246},
  doi       = {10.1145/3079856.3080246},
  timestamp = {Mon, 19 Jun 2017 09:22:15 +0200},
  biburl    = {http://dblp.uni-trier.de/rec/bib/conf/isca/JouppiYPPABBBBB17},
  bibsource = {dblp computer science bibliography, http://dblp.org}
}

